@article{shen1991hopf,
  title={Hopf bifurcation of the unsteady regularized driven cavity flow},
  author={Shen, Jie},
  journal={Journal of Computational Physics},
  volume={95},
  number={1},
  pages={228--245},
  year={1991},
  publisher={Elsevier}
}

@article{chorin1997numerical,
  title={A numerical method for solving incompressible viscous flow problems},
  author={Chorin, Alexandre J.},
  journal={Journal of Computational Physics},
  volume={135},
  number={2},
  pages={118--125},
  year={1997},
  publisher={Elsevier}
}

@article{ni2007bridge,
  title={A bridge between projection methods and SIMPLE type methods for incompressible Navierâ€“Stokes equations},
  author={Ni, Ming-Jiu and Abdou, Mohamed A.},
  journal={International Journal for Numerical Methods in Engineering},
  volume={72},
  number={12},
  pages={1490--1512},
  year={2007},
  publisher={Wiley}
}

@article{ghia1982high,
  title={High-Re solutions for incompressible flow using the Navier-Stokes equations and a multigrid method},
  author={Ghia, U.K.N.G., Ghia, K.N. and Shin, C.T.},
  journal={Journal of Computational Physics},
  volume={48},
  number={3},
  pages={387--411},
  year={1982},
  publisher={Elsevier}
}

